@book{ahlfors,
  author         = {Ahlfors, L. V.},
  publisher      = {McGraw-Hill},
  title          = {Complex Analysis},
  year           = {1979}
}

@book{dummit-foote,
  author         = {Dummit, D. S. and Foote, R. M.},
  publisher      = {John Wiley \& Sons},
  title          = {Abstract Algebra},
  year           = {2004}
}

@book{axler,
  author         = {Axler, S.},
  publisher      = {Springer International Publishing},
  title          = {Linear Algebra Done Right},
  year           = {2015}
}

@book{munkres,
  author         = {Munkres, J. R.},
  publisher      = {Pearson Education Limited},
  title          = {Topology},
  year           = {2018}
}

@book{rudin,
  author         = {Rudin, W.},
  publisher      = {McGraw-Hill},
  title          = {Principles of Mathematical Analysis},
  year           = {1953}
}

@book{apostol,
  author         = {Apostol, T. M.},
  publisher      = {Addison-Wesley},
  title          = {Mathematical Analysis},
  year           = {1957}
}

@book{spivak,
  author         = {Spivak, M.},
  publisher      = {Publish or Perish, Inc.},
  title          = {Calculus},
  year           = {2008}
}

@book{stewart,
  author         = {Stewart, J.},
  publisher      = {Thomson Learning, Inc.},
  title          = {Calculus Early Transcendentals},
  year           = {2008}
}

@book{polya,
  author         = {P\'{o}lya, G.},
  publisher      = {Princeton University Press},
  title          = {How to Solve It},
  year           = {1945}
}

@book{lang,
  author         = {Lang, Serge},
  publisher      = {Springer International Publishing},
  title          = {Complex Analysis},
  year           = {1999}
}

@incollection{schoenfeld,
  author         = {Schoenfeld, A. H.},
  booktitle      = {Handbook for Research on Mathematics Teaching and Learning},
  publisher      = {Macmillan},
  title          = {Learning to think mathematically: Problem solving, metacognition, and sense-making in mathematics},
  year           = {1992},
  pages          = {334-370}
}